@misc{website:Hibernate,
	author={Red Hat \& JBoss Community},
	title={Hibernate homepage},
	note={\url{http://hibernate.org/}}
}

@misc{website:PostgreSQL,
	author={PostgreSQL Global Development Group},
	title={PostgreSQL homepage},
	note={\url{http://www.postgresql.org/}}
}

@misc{website:PostgreSQLInstallationGuide,
	author={Multiple authors},
	title={PostgreSQL Wiki - Detailed installation guides},
	note={\url{https://wiki.postgresql.org/wiki/Detailed_installation_guides}}
}

@misc{website:HbmAutoUpdate,
	author={Vladimir Dyuzhev},
	title={Hibernate auto-update schema: not in production},
	note={\url{http://stackoverflow.com/questions/221379/hibernate-hbm2ddl-auto-update-in-production}}
}

@misc{website:Javassist,
	author={Shigeru Chiba},
	title={Javassist: bytecode manipulation made simple},
	note={\url{http://www.csg.ci.i.u-tokyo.ac.jp/~chiba/javassist/}}
}